@IEEEtranBSTCTL{bstctl:etal,
  CTLuse_forced_etal = {yes},
  CTLmax_names_forced_etal = {3},
}

@IEEEtranBSTCTL{bstctl:nodash,
  CTLdash_repeated_names = {no},
}

@IEEEtranBSTCTL{bstctl:simpurl,
  CTLname_url_prefix = {Available: },
}

@misc{abbas,
    title={NBA Data Analytics: Changing the Game}, url={https://towardsdatascience.com/nba-data-analytics-changing-the-game-a9ad59d1f116},
    journal={Medium},
    publisher={Towards Data Science},
    author={Abbas, Nabil M},
    year={2019},
    month={Aug}
}

@misc{nbastuffer,
    key={NBA stuffer},
    title={Analytics Movement}, url={https://www.nbastuffer.com/analytics101/nba-analytics-movement/}, journal={NBAstuffer}
}

@misc{atlanticsmarter,
    title={Welcome to Smarter Basketball}, url={https://www.theatlantic.com/entertainment/archive/2015/06/nba-data-analytics/396776/},
    journal={The Atlantic},
    publisher={Atlantic Media Company},
    author={Ross, Terrance F.},
    year={2015},
    month={Jun}
}

@misc{overunder,
    key={Wikipedia Over Under},
    title={Over–under},
    url={https://en.wikipedia.org/wiki/Over–under},
    journal={Wikipedia},
    publisher={Wikimedia Foundation},
    year={2019},
    month={Dec}
}

@misc{538pred,
    title={How Our NBA Predictions Work}, url={https://fivethirtyeight.com/methodology/how-our-nba-predictions-work/},
    journal={FiveThirtyEight},
    publisher={FiveThirtyEight},
    author={Paine, Neil and Boice, Jay and Silver, Nate},
    year={2018},
    month={Dec}
}

@misc{wikielo,
    title={Elo rating system}, url={https://en.wikipedia.org/wiki/Elo_rating_system}, journal={Wikipedia},
    publisher={Wikimedia Foundation},
    year={2020},
    month={Jan}
}

@misc{538elo,
    title={How We Calculate NBA Elo Ratings}, url={https://fivethirtyeight.com/features/how-we-calculate-nba-elo-ratings/},
    journal={FiveThirtyEight},
    publisher={FiveThirtyEight},
    author={Silver, Nate and Fischer-Baum, Reuben},
    year={2015},
    month={May}
}

@misc{fourfactors,
    title={NBA Advanced Stats: The Four Factors Of Winning}, url={https://hoopshabit.com/2014/07/23/nba-advanced-stats-four-factors-winning/},
    journal={Hoops Habit},
    publisher={FanSided},
    author={Honkasalo, Mika},
    year={2014},
    month={Jul}
}

@article{takethatjam,
    title={Take That Jam! An Analysis of Winning Percentage for NBA Teams}, volume={15},
    DOI={10.1002/mde.4090150514},
    number={5},
    journal={Managerial and Decision Economics},
    author={Chatterjee, Sangit and Campbell, Martin R. and Wiseman, Frederick},
    year={1994},
    pages={521–535}
}

@book{mitfundamentals,
    place={Cambridge, MA},
    title={Fundamentals of machine learning for predictive data analytics: algorithms, worked examples, and case studies},
    publisher={The MIT Press},
    author={Kelleher, John D. and Namee, Brian Mac and D'Arcy, Aoife}, year={2015}
}

@misc{regtechniques,
    title={Machine Learning: Trying to predict a numerical value}, url={https://medium.com/@srnghn/machine-learning-trying-to-predict-a-numerical-value-8aafb9ad4d36},
    journal={Medium},
    publisher={Medium},
    author={Ronaghan, Stacey},
    year={2018},
    month={Aug}
}

@misc{trees,
    title={Decision Tree Regressor explained in depth}, url={https://gdcoder.com/decision-tree-regressor-explained-in-depth/}, journal={GDCoder},
    publisher={GDCoder},
    author={Drakos, Georgios},
    year={2019},
    month={Jun}
}

@misc{fit,
    title={Preventing overfitting: ridge regression, LASSO, and elastic net}, url={https://livebook.manning.com/book/machine-learning-for-mortals-mere-and-otherwise/chapter-11/v-6/29},
    journal={Machine Learning with R, tidyverse, and mlr}
}

@misc{traintest,
    title={Memorizing is not learning! - 6 tricks to prevent overfitting in machine learning.},
    url={https://hackernoon.com/memorizing-is-not-learning-6-tricks-to-prevent-overfitting-in-machine-learning-820b091dc42},
    journal={Hacker Noon},
    author={Despois, Julien}
}

@misc{bballref,
    title={Basketball Statistics and History}, url={https://www.basketball-reference.com/},
    journal={Basketball Reference}
}

@misc{soup,
    title={Beautiful Soup Documentation}, url={https://www.crummy.com/software/BeautifulSoup/bs4/doc/}, journal={Beautiful Soup Documentation - Beautiful Soup 4.4.0 documentation}
}

@misc{selenium,
    url={https://selenium.dev/projects/},
    journal={Selenium Projects}
}

@misc{scikit-learn,
    title={scikit-learn: Machine Learning in Python}, url={https://scikit-learn.org/stable/},
    journal={Scikit-learn}
}

@misc{wikilogit,
    title={Logit},
    url={https://en.wikipedia.org/wiki/Logit}, journal={Wikipedia}, publisher={Wikimedia Foundation},
    year={2019},
    month={Dec}
}

@misc{stackoverflow,
    title={how to use sklearn when target variable is a proportion}, url={https://stackoverflow.com/questions/44234682/how-to-use-sklearn-when-target-variable-is-a-proportion},
    journal={Stack Overflow},
    year={2017}
}

@misc{hyperparam,
    title={Hyperparameter Tuning the Random Forest in Python}, url={https://towardsdatascience.com/hyperparameter-tuning-the-random-forest-in-python-using-scikit-learn-28d2aa77dd74},
    journal={Medium},
    publisher={Towards Data Science},
    author={Koehrsen, Will},
    year={2018},
    month={Jan}
}

@misc{fanduel,
    title={NBA Over/Under Win Totals for All 30 Teams Ahead of 2019-20 Season}, url={https://www.fanduel.com/theduel/posts/nba-over-under-win-totals-for-all-30-teams-ahead-of-2019-20-season-01dpy9vag7ba},
    journal={theduel.com},
    publisher={theduel.com},
    author={Israeli, Dan},
    year={2019},
    month={Oct}
}